
%%%%%%%%%%%%%%%%%%%%%%%%%%%%%%%%%%%%%%%%%%%%%%%%%%%%%%%%%

% MINHAS REFERÊNCIAS 

@INCOLLECTION{Arndt2011,
  author = {Jörg Arndt},
  title = {Mixed radix numbers},
  booktitle = {Matters Computational},
  publisher = {Springer},
  year = {2011},
  address = {Berlin, Heidelberg},
  pages = {183-209},
  doi = {10.1007/978-3-642-14764-7_9}
}

@THESIS{Arthur2023,
  author = {De Sousa Rodrigues, Arthur José},
  title = {Multi-agent graph exploration without communication},
  school = {Instituto Tecnológico de Aeronáutica,},
  year = {2024},
  type = {Bachelor's Thesis},
  address = {São José dos Campos},
  owner = {ffs},
}


@BOOK{Manber1989,
  title = {Introduction to Algorithms: A Creative Approach},
  publisher = {Addison-Wesley},
  year = {1989},
  author = {Udi Manber},
  address = {New York},
  edition = {1st}
}

@ARTICLE{Kivelevitch2010,
  title = {Multi-Agent Maze Exploration},
  journal = {Journal of Aerospace Computing, Information, and Communication},
  year = {2010},
  volume = {7},
  pages = {391-405},
  doi = {10.2514/1.46304},
  author = {Elad Kivelevitch and Kelly Cohen}
}

@MISC{Naeem2021,
  author = {Muhammad Ahsan Naeem},
  title = {pyamaze},
  year = {2021},
  howpublished = {\url{https://www.github.com/MAN1986/pyamaze}},
  note = {Accessed on: June, 2024}
}

@BOOK{West2018,
  title = {Introduction to Graph Theory},
  author = {Robin J. Wilson},
  year = {1996},
  publisher = {Longman Group Ltd},
  address = {Boston, MA},
  edition = {4th}
}
